<?xml version="1.0" encoding="UTF-8"?><collection xmlns="http://www.loc.gov/MARC21/slim"><record><leader>00532nam--2200169-i-4500</leader><controlfield tag="001">000012046</controlfield><controlfield tag="002">20161230</controlfield><controlfield tag="005">20161230201029</controlfield><controlfield tag="008">060222s1000------------r-----000-0-eng-d</controlfield><datafield ind1=" " ind2=" " tag="040"><subfield code="a">IFIN-HH</subfield></datafield><datafield ind1=" " ind2=" " tag="080"><subfield code="a">577.3:539.12.04:61</subfield></datafield><datafield ind1="1" ind2=" " tag="100"><subfield code="a">Claus, Walter D</subfield></datafield><datafield ind1="1" ind2="0" tag="245"><subfield code="a">Radiation biology and medicine</subfield><subfield code="b">Selected reviews in the life sciences</subfield><subfield code="c">Walter d. claus (ed.)</subfield></datafield><datafield ind1=" " ind2=" " tag="260"><subfield code="a">Reading, Massachusetts</subfield><subfield code="b">Addison-wesley Publishing Company, Inc</subfield><subfield code="c">1958</subfield></datafield><datafield ind1=" " ind2=" " tag="300"><subfield code="a">XX + 944 P</subfield></datafield><datafield ind1=" " ind2=" " tag="852"><subfield code="a">14015</subfield><subfield code="c">539.12.04</subfield></datafield><datafield ind1=" " ind2=" " tag="CAT"><subfield code="a">Sys</subfield><subfield code="c">20120202</subfield><subfield code="h">164454</subfield></datafield></record></collection>